@book{HamDummies,
    title = {Ham Radio for Dummies},
    author = {Ward Silver},
    publisher = {Wiley Publishing, Inc},
    year = {2004},
    pages = {387},
    note = {},
}

@booklet{GuideF0,
    title = {Guide Classe 3 F0},
    author = {F5AXG et F6GPX},
    howpublished = {\url{http://www.f5axg.org/}},
    year = {2011},
 	month = {Février},
    note = {},
}

@Article{TOF,
author = {John Perry and Joshua Childs},
title = {Timing on the Fly, Synchronization for Direct Georeferencing on small UAVs},
journal = {InsideGNSS},
year = {2009},
volume = {6},
number = {4},
pages = {34-40},
month = {Novembre/Décembre},
note = {Cet article traite des problèmes de latence et de synchronisation pour le géoréférencement précis de photographies aériennes. Également disponible sur \url{http://www.insidegnss.com/auto/novdec09-perry.pdf}.},
}

@misc{WikiClasseEmission,
howpublished = {Wikipedia : \url{http://fr.wikipedia.org/wiki/Classe_d'\%C3\%A9mission_radio}},
title = {Classes d'émission radio},
year = {},
month = {},
note = {},
}

